@book{galiev2002,
  title = {Математическая логика и теория алгоритмов},
  author = {Галиев Ш.И.},
  publisher = {Изд-во КГТУ},
  address = {Казань},
  year = {2002},
  isbn = {5-93629-031-X},
  language = {russian},
}

@book{kolmogorov2006,
  title = {Математическая логика},
  author = {Колмогоров А.Н. and Драгалин А.Г.},
  publisher = {КомКнига},
  address = {М.},
  year = {2006},
  series = {Классический университетский учебник},
  edition = {3-е изд., стер.},
  isbn = {5-484-00520-5},
  language = {russian},
}

@misc{coursera-logic,
  title = {Введение в логику},
  author = {Майкл Генезерет},
  howpublished = {Онлайн-курс},
  url = {https://www.coursera.org/learn/logic-introduction},
  language = {english},
}
