@misc{coursera:algorithm-design-analysis,
  title = {Алгоритмы: проектирование и анализ, часть 1},
  author = {Тим Рутгарден},
  howpublished = {Онлайн-курс},
  url = {https://www.coursera.org/learn/algorithm-design-analysis},
  language = {english},
}
@misc{coursera:crypto,
  title = {Криптография \RN{1}},
  author = {Дэн Бонех},
  howpublished = {Онлайн-курс},
  url = {https://www.coursera.org/learn/crypto},
  language = {english},
}
@misc{coursera:logic-introduction,
  title = {Введение в логику},
  author = {Майкл Генезерет},
  howpublished = {Онлайн-курс},
  url = {https://www.coursera.org/learn/logic-introduction},
  language = {english},
}
@misc{coursera:machine-learning,
  title = {Машинное обучение},
  author = {Эндрю Ын},
  howpublished = {Онлайн-курс},
  url = {https://www.coursera.org/learn/machine-learning},
  language = {english},
}
