@book{lisovik2005b1,
  maintitle = {Теория трансдьюсеров},
  volume = {1},
  part = {Кн. 1},
  title = {Типы языков и машин},
  chapter = {1--4},
  author = {Лисовик Л.П.},
  publisher = {Феникс},
  address = {К.},
  year = {2005},
  pagetotal = {272},
  series = {Математическое мышление},
  isbn = {966-651-270-X},
  language = {russian},
}
@book{lisovik2005b2,
  maintitle = {Теория трансдьюсеров},
  volume = {1},
  part = {Кн. 2},
  title = {Алгебра и автоматы},
  subtitle = {\RN{1}},
  chapter = {5--12},
  author = {Лисовик Л.П.},
  publisher = {Феникс},
  address = {К.},
  year = {2005},
  pagetotal = {272},
  series = {Математическое мышление},
  isbn = {966-651-225-4},
  language = {russian},
}
@book{lisovik2005b3,
  maintitle = {Теория трансдьюсеров},
  volume = {1},
  part = {Кн. 3},
  title = {Алгебра и автоматы},
  subtitle = {\RN{2}},
  chapter = {13--17},
  author = {Лисовик Л.П.},
  publisher = {Феникс},
  address = {К.},
  year = {2005},
  pagetotal = {262},
  series = {Математическое мышление},
  isbn = {966-651-256-4},
  language = {russian},
}
@book{lisovik2006b4,
  maintitle = {Теория трансдьюсеров},
  volume = {2},
  part = {Кн. 4},
  title = {Размеченные деревья},
  author = {Лисовик Л.П.},
  publisher = {Феникс},
  address = {К.},
  year = {2006},
  pagetotal = {352},
  series = {Математическое мышление},
  isbn = {966-651-394-3},
  language = {russian},
}
@book{lisovik2006b5,
  maintitle = {Теория трансдьюсеров},
  volume = {3},
  part = {Кн. 5},
  title = {Типы функций. Интерполяция. Фрактальность},
  author = {Лисовик Л.П.},
  publisher = {Феникс},
  address = {К.},
  year = {2006},
  pagetotal = {320},
  series = {Математическое мышление},
  isbn = {966-651-376-5},
  language = {russian},
}
@book{lisovik2007b6,
  maintitle = {Теория трансдьюсеров},
  volume = {3},
  part = {Кн. 6},
  title = {Функции и аппликативные системы},
  author = {Лисовик Л.П.},
  publisher = {Феникс},
  address = {К.},
  year = {2007},
  pagetotal = {288},
  series = {Математическое мышление},
  isbn = {978-966-651-466-3},
  language = {russian},
}
@book{lisovik2007,
  title = {Трансдьюсеры. \RN{2}},
  author = {Лисовик Л.П.},
  publisher = {Феникс},
  address = {К.},
  year = {2007},
  pagetotal = {256},
  isbn = {978-966-651-482-3},
  language = {russian},
}
